%Este trabalho está licenciado sob a Licença Atribuição-CompartilhaIgual 4.0 Internacional Creative Commons. Para visualizar uma cópia desta licença, visite http://creativecommons.org/licenses/by-sa/4.0/deed.pt_BR ou mande uma carta para Creative Commons, PO Box 1866, Mountain View, CA 94042, USA.

%Bibtex format

@book{LangtangenLogg2017,
 title = {Solving PDEs in Python},
 author = {Hans Petter Langtangen and Anders Logg},
 year = {2017},
 publisher = {Springer},
 doi = {10.1007/978-3-319-52462-7},
 isbn = {978-3-319-52461-0},
}
