%Este trabalho está licenciado sob a Licença Atribuição-CompartilhaIgual 4.0 Internacional Creative Commons. Para visualizar uma cópia desta licença, visite http://creativecommons.org/licenses/by-sa/4.0/ ou mande uma carta para Creative Commons, PO Box 1866, Mountain View, CA 94042, USA.

%Bibtex format

@Book{Burden2015a,
  author = 	 {R.L. Burden and J.D. Faires and A.M. Burden},
  title = 	 {Análise Numérica},
  publisher = 	 {{CENGAGE} Learning},
  year = 	 {2015},
  edition = 	 {10. ed.}
}

